|0000|017|0|01012024|31012024|EXPORTADORA LTDA|11222333000181||SP|1234567890|351880|||A|1|
|0001|0|
|0005|EXPORTADORA LTDA|01001000|Rua SP 123||351880|SP|1134567890||export@teste.com|
|0150|CLI01|CLIENTE EXTERIOR|5800|||||||||||EX|
|0200|ITEM01|PRODUTO EXPORTACAO||ITEM01|UN|0|12345678|||18.00|
|0990|6|
|C001|0|
|C100|1|0|CLI01|55|00||000001||15012024|15012024|5000.00||0|0|5000.00|0|0|0|0|0|0|0|0|0|0|0|0|
|C170|1|ITEM01|EXPORT|100|UN|5000.00|0|0|41|7101||0|0|0|0|0|0||||||||||||||||||
|C190|41|7101|0|5000.00|0|0|0|0|0|0||
|C990|5|
|E001|0|
|E110|0|0|0|0|0|0|0|0|0|0|0|0|0|0|
|E990|3|
|9001|0|
|9900|0000|1|
|9900|0001|1|
|9900|0005|1|
|9900|0150|1|
|9900|0200|1|
|9900|0990|1|
|9900|C001|1|
|9900|C100|1|
|9900|C170|1|
|9900|C190|1|
|9900|C990|1|
|9900|E001|1|
|9900|E110|1|
|9900|E990|1|
|9900|9001|1|
|9900|9900|18|
|9900|9990|1|
|9900|9999|1|
|9990|21|
|9999|35|
