|0000|017|0|01012024|31012024|EMPRESA ERROS|11222333000181||SP|1234567890|351880|||A|1|
|0001|0|
|0005|EMPRESA ERROS|01001000|Rua SP 123||351880|SP|1134567890||erros@teste.com|
|0150|CLI01|CLIENTE SP|1058|55666777000188||5566677710|351880||Rua Cli 789|200|||SP|
|0200|ITEM01|PRODUTO TESTE||ITEM01|UN|0|12345678|||18.00|
|0990|6|
|C001|0|
|C100|1|0|CLI01|55|00||000001||10012024|10012024|1000.00||0|0|1000.00|0|0|0|0|1000.00|180.00|0|0|0|0|0|0|0|
|C170|1|ITEM01|ERRO CST|10|UN|1000.00|0|0|00|5101||1000.00|0|0|0|0|0||||||||||||||||||
|C170|2|ITEM01|ERRO CFOP|10|UN|1000.00|0|0|00|6101||1000.00|18.00|180.00|0|0|0||||||||||||||||||
|C190|00|5101|18.00|1000.00|1000.00|180.00|0|0|0|0||
|C190|00|6101|18.00|1000.00|1000.00|180.00|0|0|0|0||
|C990|7|
|E001|0|
|E110|180.00|0|0|0|0|0|0|0|0|180.00|0|180.00|0|0|
|E990|3|
|9001|0|
|9900|0000|1|
|9900|0001|1|
|9900|0005|1|
|9900|0150|1|
|9900|0200|1|
|9900|0990|1|
|9900|C001|1|
|9900|C100|1|
|9900|C170|2|
|9900|C190|2|
|9900|C990|1|
|9900|E001|1|
|9900|E110|1|
|9900|E990|1|
|9900|9001|1|
|9900|9900|18|
|9900|9990|1|
|9900|9999|1|
|9990|21|
|9999|37|
