|0000|017|0|01012024|31012024|EMPRESA TESTE LTDA|11222333000181||SP|1234567890|351880|55||1|
|0001|0|
|0005|EMPRESA TESTE LTDA|12345678|Rua Teste 123||01001000|SP|1134567890||empresa@teste.com|
|0990|3|
|C001|1|
|C990|2|
|D001|1|
|D990|2|
|E001|1|
|E990|2|
|H001|1|
|H990|2|
|9001|0|
|9900|0000|1|
|9900|0001|1|
|9900|0005|1|
|9900|0990|1|
|9900|C001|1|
|9900|C990|1|
|9900|D001|1|
|9900|D990|1|
|9900|E001|1|
|9900|E990|1|
|9900|H001|1|
|9900|H990|1|
|9900|9001|1|
|9900|9900|14|
|9900|9990|1|
|9900|9999|1|
|9990|16|
|9999|30|
