|0000|017|0|01012024|31012024|EMPRESA ERROS LTDA|11222333000181||SP|1234567890|351880|55||1|
|0001|0|
|0005|EMPRESA ERROS LTDA|12345678|Rua Teste 123||01001000|SP|1134567890||empresa@teste.com|
|0150|FORN001|FORNECEDOR ALFA LTDA||44555666000100|||||351880|Rua Fornecedor 200|Centro|01003000|SP||
|0200|PROD001|Produto Teste A|73011900|UN||||||01|0|0|0||
|0990|6|
|C001|0|
|C100|0|X|FORN001|55|00|001|789|10012024|15012024|ABC|0|50,00|0|0|0|0|1000,00|180,00|0|0|0|0|0|0|0|0|0|0|0|0|
|C170|1|PROD001|Produto Teste A|500,00|UN|500,00|0|0|9999|001|000|500,00|18,00|90,00||||||||||||||||||||||
|C170|2|INEXISTENTE|Produto Fantasma|500,00|UN|500,00|0|0|1019|001|ZZZ|500,00|18,00|90,00||||||||||||||||||||||
|C190|000|1019|18,00|1000,00|999,00|180,00|0|0|0|0|0|
|C100|1|0|CLI_INEXISTENTE|55|09|002|101|20012024|15012024|2000,00|0|100,00|0|0|0|0|2000,00|360,00|0|0|0|0|0|0|0|0|0|0|0|0|
|C170|1|PROD001|Produto Teste A||UN|1000,00|0|0|5102|002|000|1000,00|18,00|999,99||||||||||||||||||||||
linhamalformada sem pipes
||
|C990|8|
|D001|1|
|D990|2|
|E001|0|
|E100|01012024|31012024|
|E110|999,00|0|0|0|180,00|0|0|0|0|180,00|0|180,00|0|0|
|E990|4|
|H001|1|
|H990|2|
|9001|0|
|9900|0000|1|
|9900|0001|1|
|9900|0005|1|
|9900|0150|1|
|9900|0200|1|
|9900|0990|1|
|9900|C001|1|
|9900|C100|2|
|9900|C170|3|
|9900|C190|1|
|9900|C990|1|
|9900|D001|1|
|9900|D990|1|
|9900|E001|1|
|9900|E100|1|
|9900|E110|1|
|9900|E990|1|
|9900|H001|1|
|9900|H990|1|
|9900|9001|1|
|9900|9900|20|
|9900|9990|1|
|9900|9999|1|
|9990|22|
|9999|45|
