|0000|017|0|01012024|31012024|EMPRESA NORMAL ST|11222333000181||SP|1234567890|351880|||A|1|
|0001|0|
|0005|EMPRESA NORMAL ST|01001000|Rua SP 123||351880|SP|1134567890||normal@teste.com|
|0150|FORN01|FORNECEDOR SP|1058|98765432000199||9876543210|351880||Rua Forn 456|100|||SP|
|0200|ITEM01|PRODUTO COM ST||ITEM01|UN|0|22021000|||18.00|
|0990|6|
|C001|0|
|C100|0|0|FORN01|55|00||000001||01012024|01012024|1500.00||0|0|1000.00|0|0|0|0|1000.00|180.00|200.00|120.00|0|0|0|0|0|
|C170|1|ITEM01|PRODUTO ST|10|UN|1000.00|0|0|10|5401||1000.00|18.00|180.00|200.00|58.00|120.00||||||||||||||||||
|C190|10|5401|18.00|1000.00|1000.00|180.00|200.00|120.00|0|0||
|C990|5|
|E001|0|
|E110|180.00|0|0|0|0|0|0|0|0|180.00|0|180.00|0|0|
|E200|SP|01012024|31012024|
|E210|0|0|0|0|0|0|120.00|0|0|120.00|0|120.00|0|0|
|E990|5|
|9001|0|
|9900|0000|1|
|9900|0001|1|
|9900|0005|1|
|9900|0150|1|
|9900|0200|1|
|9900|0990|1|
|9900|C001|1|
|9900|C100|1|
|9900|C170|1|
|9900|C190|1|
|9900|C990|1|
|9900|E001|1|
|9900|E110|1|
|9900|E200|1|
|9900|E210|1|
|9900|E990|1|
|9900|9001|1|
|9900|9900|20|
|9900|9990|1|
|9900|9999|1|
|9990|23|
|9999|39|
