|0000|017|0|01012024|31012024|EMPRESA VALIDA LTDA|11222333000181||SP|1234567890|351880|55||1|
|0001|0|
|0005|EMPRESA VALIDA LTDA|12345678|Rua Principal 500|Centro|01001000|SP|1134567890||contato@empresa.com|
|0100|CONTADOR TESTE|12345678901|CRC-SP 123456|01234567000199|351880|Rua Contabil 100|Centro|01002000|SP|1199887766||contador@teste.com|
|0150|FORN001|FORNECEDOR ALFA LTDA||44555666000100|||||351880|Rua Fornecedor 200|Centro|01003000|SP||
|0150|CLI001|CLIENTE BETA SA||55666777000188|||||351880|Rua Cliente 300|Jardins|01004000|SP||
|0200|PROD001|Produto Teste A|73011900|UN||||||01|0|0|0||
|0200|PROD002|Produto Teste B|84713012|UN||||||01|0|0|0||
|0400|001|COMPRA DE MERCADORIA|
|0400|002|VENDA DE MERCADORIA|
|0990|11|
|C001|0|
|C100|0|0|FORN001|55|00|001|123|10012024|15012024|1000,00|0|50,00|0|0|0|0|1000,00|180,00|0|0|0|0|0|0|0|0|0|0|0|0|
|C170|1|PROD001|Produto Teste A|500,00|UN|500,00|0|0|1019|001|000|500,00|18,00|90,00||||||||||||||||||||||
|C170|2|PROD002|Produto Teste B|500,00|UN|500,00|0|0|1019|001|000|500,00|18,00|90,00||||||||||||||||||||||
|C190|000|1019|18,00|1000,00|1000,00|180,00|0|0|0|0|0|
|C100|1|0|CLI001|55|00|002|456|20012024|20012024|2000,00|0|100,00|0|0|0|0|2000,00|360,00|0|0|0|0|0|0|0|0|0|0|0|0|
|C170|1|PROD001|Produto Teste A|1000,00|UN|1000,00|0|0|5102|002|000|1000,00|18,00|180,00||||||||||||||||||||||
|C170|2|PROD002|Produto Teste B|1000,00|UN|1000,00|0|0|5102|002|000|1000,00|18,00|180,00||||||||||||||||||||||
|C190|000|5102|18,00|2000,00|2000,00|360,00|0|0|0|0|0|
|C990|10|
|D001|1|
|D990|2|
|E001|0|
|E100|01012024|31012024|
|E110|360,00|0|0|0|180,00|0|0|0|0|180,00|0|180,00|0|0|
|E990|4|
|H001|1|
|H990|2|
|9001|0|
|9900|0000|1|
|9900|0001|1|
|9900|0005|1|
|9900|0100|1|
|9900|0150|2|
|9900|0200|2|
|9900|0400|2|
|9900|0990|1|
|9900|C001|1|
|9900|C100|2|
|9900|C170|4|
|9900|C190|2|
|9900|C990|1|
|9900|D001|1|
|9900|D990|1|
|9900|E001|1|
|9900|E100|1|
|9900|E110|1|
|9900|E990|1|
|9900|H001|1|
|9900|H990|1|
|9900|9001|1|
|9900|9900|22|
|9900|9990|1|
|9900|9999|1|
|9990|24|
|9999|52|
