|0000|017|0|01012024|31012024|EMPRESA SN LTDA|12345678000190||ES|1234567890|320130|||C|1|
|0001|0|
|0005|EMPRESA SN LTDA|29100000|Rua Teste 123||320130|ES|2733001234||sn@teste.com|
|0150|FORN01|FORNECEDOR LTDA|1058|98765432000199||9876543210|320130||Rua Forn 456|100|||ES|
|0200|ITEM01|MERCADORIA TESTE||ITEM01|UN|0|12345678|||18.00|
|0990|6|
|C001|0|
|C100|0|0|FORN01|55|00||000001||01012024|01012024|1000.00||0|0|1000.00|0|0|0|0|0|0|0|0|0|0|0|0|
|C170|1|ITEM01|DESC|10|UN|1000.00|0|0|400|5102||0|0|0|0|0|0||||||||||||||||||
|C190|400|5102|0|1000.00|0|0|0|0|0|0||
|C990|5|
|E001|0|
|E110|0|0|0|0|0|0|0|0|0|0|0|0|0|0|
|E990|3|
|9001|0|
|9900|0000|1|
|9900|0001|1|
|9900|0005|1|
|9900|0150|1|
|9900|0200|1|
|9900|0990|1|
|9900|C001|1|
|9900|C100|1|
|9900|C170|1|
|9900|C190|1|
|9900|C990|1|
|9900|E001|1|
|9900|E110|1|
|9900|E990|1|
|9900|9001|1|
|9900|9900|18|
|9900|9990|1|
|9900|9999|1|
|9990|21|
|9999|35|
